%YAML 1.1
%TAG !u! tag:unity3d.com,2011:
--- !u!29 &1
OcclusionCullingSettings:
  m_ObjectHideFlags: 0
  serializedVersion: 2
  m_OcclusionBakeSettings:
    smallestOccluder: 5
    smallestHole: 0.25
    backfaceThreshold: 100
  m_SceneGUID: 00000000000000000000000000000000
  m_OcclusionCullingData: {fileID: 0}
--- !u!104 &2
RenderSettings:
  m_ObjectHideFlags: 0
  serializedVersion: 9
  m_Fog: 0
  m_FogColor: {r: 0.5, g: 0.5, b: 0.5, a: 1}
  m_FogMode: 3
  m_FogDensity: 0.01
  m_LinearFogStart: 0
  m_LinearFogEnd: 300
  m_AmbientSkyColor: {r: 0.212, g: 0.227, b: 0.259, a: 1}
  m_AmbientEquatorColor: {r: 0.114, g: 0.125, b: 0.133, a: 1}
  m_AmbientGroundColor: {r: 0.047, g: 0.043, b: 0.035, a: 1}
  m_AmbientIntensity: 1
  m_AmbientMode: 0
  m_SubtractiveShadowColor: {r: 0.42, g: 0.478, b: 0.627, a: 1}
  m_SkyboxMaterial: {fileID: 10304, guid: 0000000000000000f000000000000000, type: 0}
  m_HaloStrength: 0.5
  m_FlareStrength: 1
  m_FlareFadeSpeed: 3
  m_HaloTexture: {fileID: 0}
  m_SpotCookie: {fileID: 10001, guid: 0000000000000000e000000000000000, type: 0}
  m_DefaultReflectionMode: 0
  m_DefaultReflectionResolution: 128
  m_ReflectionBounces: 1
  m_ReflectionIntensity: 1
  m_CustomReflection: {fileID: 0}
  m_Sun: {fileID: 0}
  m_IndirectSpecularColor: {r: 0.44657898, g: 0.4964133, b: 0.5748178, a: 1}
  m_UseRadianceAmbientProbe: 0
--- !u!157 &3
LightmapSettings:
  m_ObjectHideFlags: 0
  serializedVersion: 12
  m_GIWorkflowMode: 1
  m_GISettings:
    serializedVersion: 2
    m_BounceScale: 1
    m_IndirectOutputScale: 1
    m_AlbedoBoost: 1
    m_EnvironmentLightingMode: 0
    m_EnableBakedLightmaps: 1
    m_EnableRealtimeLightmaps: 0
  m_LightmapEditorSettings:
    serializedVersion: 12
    m_Resolution: 2
    m_BakeResolution: 40
    m_AtlasSize: 1024
    m_AO: 0
    m_AOMaxDistance: 1
    m_CompAOExponent: 1
    m_CompAOExponentDirect: 0
    m_ExtractAmbientOcclusion: 0
    m_Padding: 2
    m_LightmapParameters: {fileID: 0}
    m_LightmapsBakeMode: 1
    m_TextureCompression: 1
    m_FinalGather: 0
    m_FinalGatherFiltering: 1
    m_FinalGatherRayCount: 256
    m_ReflectionCompression: 2
    m_MixedBakeMode: 2
    m_BakeBackend: 1
    m_PVRSampling: 1
    m_PVRDirectSampleCount: 32
    m_PVRSampleCount: 512
    m_PVRBounces: 2
    m_PVREnvironmentSampleCount: 256
    m_PVREnvironmentReferencePointCount: 2048
    m_PVRFilteringMode: 1
    m_PVRDenoiserTypeDirect: 1
    m_PVRDenoiserTypeIndirect: 1
    m_PVRDenoiserTypeAO: 1
    m_PVRFilterTypeDirect: 0
    m_PVRFilterTypeIndirect: 0
    m_PVRFilterTypeAO: 0
    m_PVREnvironmentMIS: 1
    m_PVRCulling: 1
    m_PVRFilteringGaussRadiusDirect: 1
    m_PVRFilteringGaussRadiusIndirect: 5
    m_PVRFilteringGaussRadiusAO: 2
    m_PVRFilteringAtrousPositionSigmaDirect: 0.5
    m_PVRFilteringAtrousPositionSigmaIndirect: 2
    m_PVRFilteringAtrousPositionSigmaAO: 1
    m_ExportTrainingData: 0
    m_TrainingDataDestination: TrainingData
    m_LightProbeSampleCountMultiplier: 4
  m_LightingDataAsset: {fileID: 0}
  m_LightingSettings: {fileID: 0}
--- !u!196 &4
NavMeshSettings:
  serializedVersion: 2
  m_ObjectHideFlags: 0
  m_BuildSettings:
    serializedVersion: 2
    agentTypeID: 0
    agentRadius: 0.5
    agentHeight: 2
    agentSlope: 45
    agentClimb: 0.4
    ledgeDropHeight: 0
    maxJumpAcrossDistance: 0
    minRegionArea: 2
    manualCellSize: 0
    cellSize: 0.16666667
    manualTileSize: 0
    tileSize: 256
    accuratePlacement: 0
    maxJobWorkers: 0
    preserveTilesOutsideBounds: 0
    debug:
      m_Flags: 0
  m_NavMeshData: {fileID: 0}
--- !u!1001 &5125949
PrefabInstance:
  m_ObjectHideFlags: 0
  serializedVersion: 2
  m_Modification:
    m_TransformParent: {fileID: 0}
    m_Modifications:
    - target: {fileID: -8679921383154817045, guid: fa48fe72441cf8d47a9edfdebbb7aeb4,
        type: 3}
      propertyPath: m_RootOrder
      value: 9
      objectReference: {fileID: 0}
    - target: {fileID: -8679921383154817045, guid: fa48fe72441cf8d47a9edfdebbb7aeb4,
        type: 3}
      propertyPath: m_LocalPosition.x
      value: 27.639168
      objectReference: {fileID: 0}
    - target: {fileID: -8679921383154817045, guid: fa48fe72441cf8d47a9edfdebbb7aeb4,
        type: 3}
      propertyPath: m_LocalPosition.y
      value: 8.848242
      objectReference: {fileID: 0}
    - target: {fileID: -8679921383154817045, guid: fa48fe72441cf8d47a9edfdebbb7aeb4,
        type: 3}
      propertyPath: m_LocalPosition.z
      value: -38.278526
      objectReference: {fileID: 0}
    - target: {fileID: -8679921383154817045, guid: fa48fe72441cf8d47a9edfdebbb7aeb4,
        type: 3}
      propertyPath: m_LocalRotation.w
      value: 0.00000043312576
      objectReference: {fileID: 0}
    - target: {fileID: -8679921383154817045, guid: fa48fe72441cf8d47a9edfdebbb7aeb4,
        type: 3}
      propertyPath: m_LocalRotation.x
      value: 3.7120162e-14
      objectReference: {fileID: 0}
    - target: {fileID: -8679921383154817045, guid: fa48fe72441cf8d47a9edfdebbb7aeb4,
        type: 3}
      propertyPath: m_LocalRotation.y
      value: 1
      objectReference: {fileID: 0}
    - target: {fileID: -8679921383154817045, guid: fa48fe72441cf8d47a9edfdebbb7aeb4,
        type: 3}
      propertyPath: m_LocalRotation.z
      value: -0.00000008146034
      objectReference: {fileID: 0}
    - target: {fileID: -8679921383154817045, guid: fa48fe72441cf8d47a9edfdebbb7aeb4,
        type: 3}
      propertyPath: m_LocalEulerAnglesHint.x
      value: 0
      objectReference: {fileID: 0}
    - target: {fileID: -8679921383154817045, guid: fa48fe72441cf8d47a9edfdebbb7aeb4,
        type: 3}
      propertyPath: m_LocalEulerAnglesHint.y
      value: 0
      objectReference: {fileID: 0}
    - target: {fileID: -8679921383154817045, guid: fa48fe72441cf8d47a9edfdebbb7aeb4,
        type: 3}
      propertyPath: m_LocalEulerAnglesHint.z
      value: 0
      objectReference: {fileID: 0}
    - target: {fileID: 919132149155446097, guid: fa48fe72441cf8d47a9edfdebbb7aeb4,
        type: 3}
      propertyPath: m_Name
      value: EDF7
      objectReference: {fileID: 0}
    m_RemovedComponents: []
  m_SourcePrefab: {fileID: 100100000, guid: fa48fe72441cf8d47a9edfdebbb7aeb4, type: 3}
--- !u!1001 &262668257
PrefabInstance:
  m_ObjectHideFlags: 0
  serializedVersion: 2
  m_Modification:
    m_TransformParent: {fileID: 0}
    m_Modifications:
    - target: {fileID: -8679921383154817045, guid: 31a54f5eed8f5e24cae07079919de082,
        type: 3}
      propertyPath: m_RootOrder
      value: 7
      objectReference: {fileID: 0}
    - target: {fileID: -8679921383154817045, guid: 31a54f5eed8f5e24cae07079919de082,
        type: 3}
      propertyPath: m_LocalPosition.x
      value: 22.87059
      objectReference: {fileID: 0}
    - target: {fileID: -8679921383154817045, guid: 31a54f5eed8f5e24cae07079919de082,
        type: 3}
      propertyPath: m_LocalPosition.y
      value: 6.405588
      objectReference: {fileID: 0}
    - target: {fileID: -8679921383154817045, guid: 31a54f5eed8f5e24cae07079919de082,
        type: 3}
      propertyPath: m_LocalPosition.z
      value: -37.034775
      objectReference: {fileID: 0}
    - target: {fileID: -8679921383154817045, guid: 31a54f5eed8f5e24cae07079919de082,
        type: 3}
      propertyPath: m_LocalRotation.w
      value: 0.00000022197248
      objectReference: {fileID: 0}
    - target: {fileID: -8679921383154817045, guid: 31a54f5eed8f5e24cae07079919de082,
        type: 3}
      propertyPath: m_LocalRotation.x
      value: -0.00000022197246
      objectReference: {fileID: 0}
    - target: {fileID: -8679921383154817045, guid: 31a54f5eed8f5e24cae07079919de082,
        type: 3}
      propertyPath: m_LocalRotation.y
      value: 0.7071068
      objectReference: {fileID: 0}
    - target: {fileID: -8679921383154817045, guid: 31a54f5eed8f5e24cae07079919de082,
        type: 3}
      propertyPath: m_LocalRotation.z
      value: 0.70710677
      objectReference: {fileID: 0}
    - target: {fileID: -8679921383154817045, guid: 31a54f5eed8f5e24cae07079919de082,
        type: 3}
      propertyPath: m_LocalEulerAnglesHint.x
      value: 0
      objectReference: {fileID: 0}
    - target: {fileID: -8679921383154817045, guid: 31a54f5eed8f5e24cae07079919de082,
        type: 3}
      propertyPath: m_LocalEulerAnglesHint.y
      value: 0
      objectReference: {fileID: 0}
    - target: {fileID: -8679921383154817045, guid: 31a54f5eed8f5e24cae07079919de082,
        type: 3}
      propertyPath: m_LocalEulerAnglesHint.z
      value: 0
      objectReference: {fileID: 0}
    - target: {fileID: 919132149155446097, guid: 31a54f5eed8f5e24cae07079919de082,
        type: 3}
      propertyPath: m_Name
      value: EDF9
      objectReference: {fileID: 0}
    m_RemovedComponents: []
  m_SourcePrefab: {fileID: 100100000, guid: 31a54f5eed8f5e24cae07079919de082, type: 3}
--- !u!1001 &377903776
PrefabInstance:
  m_ObjectHideFlags: 0
  serializedVersion: 2
  m_Modification:
    m_TransformParent: {fileID: 0}
    m_Modifications:
    - target: {fileID: -8679921383154817045, guid: d5c91f40263f335428562eca1cdf9736,
        type: 3}
      propertyPath: m_RootOrder
      value: 13
      objectReference: {fileID: 0}
    - target: {fileID: -8679921383154817045, guid: d5c91f40263f335428562eca1cdf9736,
        type: 3}
      propertyPath: m_LocalPosition.x
      value: 58.192146
      objectReference: {fileID: 0}
    - target: {fileID: -8679921383154817045, guid: d5c91f40263f335428562eca1cdf9736,
        type: 3}
      propertyPath: m_LocalPosition.y
      value: 14.069377
      objectReference: {fileID: 0}
    - target: {fileID: -8679921383154817045, guid: d5c91f40263f335428562eca1cdf9736,
        type: 3}
      propertyPath: m_LocalPosition.z
      value: -43.89
      objectReference: {fileID: 0}
    - target: {fileID: -8679921383154817045, guid: d5c91f40263f335428562eca1cdf9736,
        type: 3}
      propertyPath: m_LocalRotation.w
      value: 0.5
      objectReference: {fileID: 0}
    - target: {fileID: -8679921383154817045, guid: d5c91f40263f335428562eca1cdf9736,
        type: 3}
      propertyPath: m_LocalRotation.x
      value: -0.5
      objectReference: {fileID: 0}
    - target: {fileID: -8679921383154817045, guid: d5c91f40263f335428562eca1cdf9736,
        type: 3}
      propertyPath: m_LocalRotation.y
      value: -0.49999997
      objectReference: {fileID: 0}
    - target: {fileID: -8679921383154817045, guid: d5c91f40263f335428562eca1cdf9736,
        type: 3}
      propertyPath: m_LocalRotation.z
      value: -0.5
      objectReference: {fileID: 0}
    - target: {fileID: -8679921383154817045, guid: d5c91f40263f335428562eca1cdf9736,
        type: 3}
      propertyPath: m_LocalEulerAnglesHint.x
      value: 0
      objectReference: {fileID: 0}
    - target: {fileID: -8679921383154817045, guid: d5c91f40263f335428562eca1cdf9736,
        type: 3}
      propertyPath: m_LocalEulerAnglesHint.y
      value: 0
      objectReference: {fileID: 0}
    - target: {fileID: -8679921383154817045, guid: d5c91f40263f335428562eca1cdf9736,
        type: 3}
      propertyPath: m_LocalEulerAnglesHint.z
      value: 0
      objectReference: {fileID: 0}
    - target: {fileID: 919132149155446097, guid: d5c91f40263f335428562eca1cdf9736,
        type: 3}
      propertyPath: m_Name
      value: EDF3
      objectReference: {fileID: 0}
    m_RemovedComponents: []
  m_SourcePrefab: {fileID: 100100000, guid: d5c91f40263f335428562eca1cdf9736, type: 3}
--- !u!1001 &480802088
PrefabInstance:
  m_ObjectHideFlags: 0
  serializedVersion: 2
  m_Modification:
    m_TransformParent: {fileID: 0}
    m_Modifications:
    - target: {fileID: -8679921383154817045, guid: 6335da7b492d750468f782263bfaf12b,
        type: 3}
      propertyPath: m_RootOrder
      value: 10
      objectReference: {fileID: 0}
    - target: {fileID: -8679921383154817045, guid: 6335da7b492d750468f782263bfaf12b,
        type: 3}
      propertyPath: m_LocalPosition.x
      value: 28.677452
      objectReference: {fileID: 0}
    - target: {fileID: -8679921383154817045, guid: 6335da7b492d750468f782263bfaf12b,
        type: 3}
      propertyPath: m_LocalPosition.y
      value: 15.302647
      objectReference: {fileID: 0}
    - target: {fileID: -8679921383154817045, guid: 6335da7b492d750468f782263bfaf12b,
        type: 3}
      propertyPath: m_LocalPosition.z
      value: -29.285772
      objectReference: {fileID: 0}
    - target: {fileID: -8679921383154817045, guid: 6335da7b492d750468f782263bfaf12b,
        type: 3}
      propertyPath: m_LocalRotation.w
      value: 0.5
      objectReference: {fileID: 0}
    - target: {fileID: -8679921383154817045, guid: 6335da7b492d750468f782263bfaf12b,
        type: 3}
      propertyPath: m_LocalRotation.x
      value: -0.5
      objectReference: {fileID: 0}
    - target: {fileID: -8679921383154817045, guid: 6335da7b492d750468f782263bfaf12b,
        type: 3}
      propertyPath: m_LocalRotation.y
      value: -0.49999997
      objectReference: {fileID: 0}
    - target: {fileID: -8679921383154817045, guid: 6335da7b492d750468f782263bfaf12b,
        type: 3}
      propertyPath: m_LocalRotation.z
      value: -0.5
      objectReference: {fileID: 0}
    - target: {fileID: -8679921383154817045, guid: 6335da7b492d750468f782263bfaf12b,
        type: 3}
      propertyPath: m_LocalEulerAnglesHint.x
      value: 0
      objectReference: {fileID: 0}
    - target: {fileID: -8679921383154817045, guid: 6335da7b492d750468f782263bfaf12b,
        type: 3}
      propertyPath: m_LocalEulerAnglesHint.y
      value: 0
      objectReference: {fileID: 0}
    - target: {fileID: -8679921383154817045, guid: 6335da7b492d750468f782263bfaf12b,
        type: 3}
      propertyPath: m_LocalEulerAnglesHint.z
      value: 0
      objectReference: {fileID: 0}
    - target: {fileID: 919132149155446097, guid: 6335da7b492d750468f782263bfaf12b,
        type: 3}
      propertyPath: m_Name
      value: EDF6
      objectReference: {fileID: 0}
    m_RemovedComponents: []
  m_SourcePrefab: {fileID: 100100000, guid: 6335da7b492d750468f782263bfaf12b, type: 3}
--- !u!1001 &568520237
PrefabInstance:
  m_ObjectHideFlags: 0
  serializedVersion: 2
  m_Modification:
    m_TransformParent: {fileID: 0}
    m_Modifications:
    - target: {fileID: -8679921383154817045, guid: 373e35114fe55ac4f9a199d03e437347,
        type: 3}
      propertyPath: m_RootOrder
      value: 6
      objectReference: {fileID: 0}
    - target: {fileID: -8679921383154817045, guid: 373e35114fe55ac4f9a199d03e437347,
        type: 3}
      propertyPath: m_LocalPosition.x
      value: 18.757832
      objectReference: {fileID: 0}
    - target: {fileID: -8679921383154817045, guid: 373e35114fe55ac4f9a199d03e437347,
        type: 3}
      propertyPath: m_LocalPosition.y
      value: 4.740528
      objectReference: {fileID: 0}
    - target: {fileID: -8679921383154817045, guid: 373e35114fe55ac4f9a199d03e437347,
        type: 3}
      propertyPath: m_LocalPosition.z
      value: -35.73927
      objectReference: {fileID: 0}
    - target: {fileID: -8679921383154817045, guid: 373e35114fe55ac4f9a199d03e437347,
        type: 3}
      propertyPath: m_LocalRotation.w
      value: 1
      objectReference: {fileID: 0}
    - target: {fileID: -8679921383154817045, guid: 373e35114fe55ac4f9a199d03e437347,
        type: 3}
      propertyPath: m_LocalRotation.x
      value: 0.00000008146034
      objectReference: {fileID: 0}
    - target: {fileID: -8679921383154817045, guid: 373e35114fe55ac4f9a199d03e437347,
        type: 3}
      propertyPath: m_LocalRotation.y
      value: 0
      objectReference: {fileID: 0}
    - target: {fileID: -8679921383154817045, guid: 373e35114fe55ac4f9a199d03e437347,
        type: 3}
      propertyPath: m_LocalRotation.z
      value: -0
      objectReference: {fileID: 0}
    - target: {fileID: -8679921383154817045, guid: 373e35114fe55ac4f9a199d03e437347,
        type: 3}
      propertyPath: m_LocalEulerAnglesHint.x
      value: 0
      objectReference: {fileID: 0}
    - target: {fileID: -8679921383154817045, guid: 373e35114fe55ac4f9a199d03e437347,
        type: 3}
      propertyPath: m_LocalEulerAnglesHint.y
      value: 0
      objectReference: {fileID: 0}
    - target: {fileID: -8679921383154817045, guid: 373e35114fe55ac4f9a199d03e437347,
        type: 3}
      propertyPath: m_LocalEulerAnglesHint.z
      value: 0
      objectReference: {fileID: 0}
    - target: {fileID: 919132149155446097, guid: 373e35114fe55ac4f9a199d03e437347,
        type: 3}
      propertyPath: m_Name
      value: EDF10
      objectReference: {fileID: 0}
    m_RemovedComponents: []
  m_SourcePrefab: {fileID: 100100000, guid: 373e35114fe55ac4f9a199d03e437347, type: 3}
--- !u!1001 &799361772
PrefabInstance:
  m_ObjectHideFlags: 0
  serializedVersion: 2
  m_Modification:
    m_TransformParent: {fileID: 0}
    m_Modifications:
    - target: {fileID: 100000, guid: 004e67dbd2facfd4a881a376d50f8bc3, type: 3}
      propertyPath: m_Name
      value: minibus
      objectReference: {fileID: 0}
    - target: {fileID: 400000, guid: 004e67dbd2facfd4a881a376d50f8bc3, type: 3}
      propertyPath: m_RootOrder
      value: 2
      objectReference: {fileID: 0}
    - target: {fileID: 400000, guid: 004e67dbd2facfd4a881a376d50f8bc3, type: 3}
      propertyPath: m_LocalScale.x
      value: 76.25358
      objectReference: {fileID: 0}
    - target: {fileID: 400000, guid: 004e67dbd2facfd4a881a376d50f8bc3, type: 3}
      propertyPath: m_LocalScale.y
      value: 76.25358
      objectReference: {fileID: 0}
    - target: {fileID: 400000, guid: 004e67dbd2facfd4a881a376d50f8bc3, type: 3}
      propertyPath: m_LocalScale.z
      value: 76.25358
      objectReference: {fileID: 0}
    - target: {fileID: 400000, guid: 004e67dbd2facfd4a881a376d50f8bc3, type: 3}
      propertyPath: m_LocalPosition.x
      value: -17.44
      objectReference: {fileID: 0}
    - target: {fileID: 400000, guid: 004e67dbd2facfd4a881a376d50f8bc3, type: 3}
      propertyPath: m_LocalPosition.y
      value: -4.85
      objectReference: {fileID: 0}
    - target: {fileID: 400000, guid: 004e67dbd2facfd4a881a376d50f8bc3, type: 3}
      propertyPath: m_LocalPosition.z
      value: -66.08
      objectReference: {fileID: 0}
    - target: {fileID: 400000, guid: 004e67dbd2facfd4a881a376d50f8bc3, type: 3}
      propertyPath: m_LocalRotation.w
      value: 1
      objectReference: {fileID: 0}
    - target: {fileID: 400000, guid: 004e67dbd2facfd4a881a376d50f8bc3, type: 3}
      propertyPath: m_LocalRotation.x
      value: 0.000000021855694
      objectReference: {fileID: 0}
    - target: {fileID: 400000, guid: 004e67dbd2facfd4a881a376d50f8bc3, type: 3}
      propertyPath: m_LocalRotation.y
      value: -0
      objectReference: {fileID: 0}
    - target: {fileID: 400000, guid: 004e67dbd2facfd4a881a376d50f8bc3, type: 3}
      propertyPath: m_LocalRotation.z
      value: -0
      objectReference: {fileID: 0}
    - target: {fileID: 400000, guid: 004e67dbd2facfd4a881a376d50f8bc3, type: 3}
      propertyPath: m_LocalEulerAnglesHint.x
      value: 0
      objectReference: {fileID: 0}
    - target: {fileID: 400000, guid: 004e67dbd2facfd4a881a376d50f8bc3, type: 3}
      propertyPath: m_LocalEulerAnglesHint.y
      value: 0
      objectReference: {fileID: 0}
    - target: {fileID: 400000, guid: 004e67dbd2facfd4a881a376d50f8bc3, type: 3}
      propertyPath: m_LocalEulerAnglesHint.z
      value: 0
      objectReference: {fileID: 0}
    - target: {fileID: 2300000, guid: 004e67dbd2facfd4a881a376d50f8bc3, type: 3}
      propertyPath: m_Materials.Array.data[0]
      value: 
      objectReference: {fileID: 2100000, guid: 1860a6d3428058442954c87fde2235aa, type: 2}
    m_RemovedComponents: []
  m_SourcePrefab: {fileID: 100100000, guid: 004e67dbd2facfd4a881a376d50f8bc3, type: 3}
--- !u!1001 &931771568
PrefabInstance:
  m_ObjectHideFlags: 0
  serializedVersion: 2
  m_Modification:
    m_TransformParent: {fileID: 0}
    m_Modifications:
    - target: {fileID: -8679921383154817045, guid: 12f3d05a04ce03446988f11889bbc2bc,
        type: 3}
      propertyPath: m_RootOrder
      value: 12
      objectReference: {fileID: 0}
    - target: {fileID: -8679921383154817045, guid: 12f3d05a04ce03446988f11889bbc2bc,
        type: 3}
      propertyPath: m_LocalPosition.x
      value: 53.18573
      objectReference: {fileID: 0}
    - target: {fileID: -8679921383154817045, guid: 12f3d05a04ce03446988f11889bbc2bc,
        type: 3}
      propertyPath: m_LocalPosition.y
      value: 14.460241
      objectReference: {fileID: 0}
    - target: {fileID: -8679921383154817045, guid: 12f3d05a04ce03446988f11889bbc2bc,
        type: 3}
      propertyPath: m_LocalPosition.z
      value: -37.243282
      objectReference: {fileID: 0}
    - target: {fileID: -8679921383154817045, guid: 12f3d05a04ce03446988f11889bbc2bc,
        type: 3}
      propertyPath: m_LocalRotation.w
      value: 0.5
      objectReference: {fileID: 0}
    - target: {fileID: -8679921383154817045, guid: 12f3d05a04ce03446988f11889bbc2bc,
        type: 3}
      propertyPath: m_LocalRotation.x
      value: -0.5
      objectReference: {fileID: 0}
    - target: {fileID: -8679921383154817045, guid: 12f3d05a04ce03446988f11889bbc2bc,
        type: 3}
      propertyPath: m_LocalRotation.y
      value: -0.49999997
      objectReference: {fileID: 0}
    - target: {fileID: -8679921383154817045, guid: 12f3d05a04ce03446988f11889bbc2bc,
        type: 3}
      propertyPath: m_LocalRotation.z
      value: -0.5
      objectReference: {fileID: 0}
    - target: {fileID: -8679921383154817045, guid: 12f3d05a04ce03446988f11889bbc2bc,
        type: 3}
      propertyPath: m_LocalEulerAnglesHint.x
      value: 0
      objectReference: {fileID: 0}
    - target: {fileID: -8679921383154817045, guid: 12f3d05a04ce03446988f11889bbc2bc,
        type: 3}
      propertyPath: m_LocalEulerAnglesHint.y
      value: 0
      objectReference: {fileID: 0}
    - target: {fileID: -8679921383154817045, guid: 12f3d05a04ce03446988f11889bbc2bc,
        type: 3}
      propertyPath: m_LocalEulerAnglesHint.z
      value: 0
      objectReference: {fileID: 0}
    - target: {fileID: 919132149155446097, guid: 12f3d05a04ce03446988f11889bbc2bc,
        type: 3}
      propertyPath: m_Name
      value: EDF4
      objectReference: {fileID: 0}
    m_RemovedComponents: []
  m_SourcePrefab: {fileID: 100100000, guid: 12f3d05a04ce03446988f11889bbc2bc, type: 3}
--- !u!1001 &939668056
PrefabInstance:
  m_ObjectHideFlags: 0
  serializedVersion: 2
  m_Modification:
    m_TransformParent: {fileID: 0}
    m_Modifications:
    - target: {fileID: 100000, guid: 4a47e5971bbaf5346b99987bf9d7668b, type: 3}
      propertyPath: m_Name
      value: Sedan2
      objectReference: {fileID: 0}
    - target: {fileID: 400000, guid: 4a47e5971bbaf5346b99987bf9d7668b, type: 3}
      propertyPath: m_RootOrder
      value: 1
      objectReference: {fileID: 0}
    - target: {fileID: 400000, guid: 4a47e5971bbaf5346b99987bf9d7668b, type: 3}
      propertyPath: m_LocalScale.x
      value: 76.25358
      objectReference: {fileID: 0}
    - target: {fileID: 400000, guid: 4a47e5971bbaf5346b99987bf9d7668b, type: 3}
      propertyPath: m_LocalScale.y
      value: 76.25358
      objectReference: {fileID: 0}
    - target: {fileID: 400000, guid: 4a47e5971bbaf5346b99987bf9d7668b, type: 3}
      propertyPath: m_LocalScale.z
      value: 76.25358
      objectReference: {fileID: 0}
    - target: {fileID: 400000, guid: 4a47e5971bbaf5346b99987bf9d7668b, type: 3}
      propertyPath: m_LocalPosition.x
      value: -32.02
      objectReference: {fileID: 0}
    - target: {fileID: 400000, guid: 4a47e5971bbaf5346b99987bf9d7668b, type: 3}
      propertyPath: m_LocalPosition.y
      value: -7.52
      objectReference: {fileID: 0}
    - target: {fileID: 400000, guid: 4a47e5971bbaf5346b99987bf9d7668b, type: 3}
      propertyPath: m_LocalPosition.z
      value: -69.47
      objectReference: {fileID: 0}
    - target: {fileID: 400000, guid: 4a47e5971bbaf5346b99987bf9d7668b, type: 3}
      propertyPath: m_LocalRotation.w
      value: 1
      objectReference: {fileID: 0}
    - target: {fileID: 400000, guid: 4a47e5971bbaf5346b99987bf9d7668b, type: 3}
      propertyPath: m_LocalRotation.x
      value: 0.000000021855694
      objectReference: {fileID: 0}
    - target: {fileID: 400000, guid: 4a47e5971bbaf5346b99987bf9d7668b, type: 3}
      propertyPath: m_LocalRotation.y
      value: -0
      objectReference: {fileID: 0}
    - target: {fileID: 400000, guid: 4a47e5971bbaf5346b99987bf9d7668b, type: 3}
      propertyPath: m_LocalRotation.z
      value: -0
      objectReference: {fileID: 0}
    - target: {fileID: 400000, guid: 4a47e5971bbaf5346b99987bf9d7668b, type: 3}
      propertyPath: m_LocalEulerAnglesHint.x
      value: 0
      objectReference: {fileID: 0}
    - target: {fileID: 400000, guid: 4a47e5971bbaf5346b99987bf9d7668b, type: 3}
      propertyPath: m_LocalEulerAnglesHint.y
      value: 0
      objectReference: {fileID: 0}
    - target: {fileID: 400000, guid: 4a47e5971bbaf5346b99987bf9d7668b, type: 3}
      propertyPath: m_LocalEulerAnglesHint.z
      value: 0
      objectReference: {fileID: 0}
    - target: {fileID: 2300000, guid: 4a47e5971bbaf5346b99987bf9d7668b, type: 3}
      propertyPath: m_Materials.Array.data[0]
      value: 
      objectReference: {fileID: 2100000, guid: 28d047452bdc9514d96141b8a8d91828, type: 2}
    m_RemovedComponents: []
  m_SourcePrefab: {fileID: 100100000, guid: 4a47e5971bbaf5346b99987bf9d7668b, type: 3}
--- !u!1001 &1045566894
PrefabInstance:
  m_ObjectHideFlags: 0
  serializedVersion: 2
  m_Modification:
    m_TransformParent: {fileID: 0}
    m_Modifications:
    - target: {fileID: -8679921383154817045, guid: 87bf63b907f75ce4f83b7262b5a4d145,
        type: 3}
      propertyPath: m_RootOrder
      value: 4
      objectReference: {fileID: 0}
    - target: {fileID: -8679921383154817045, guid: 87bf63b907f75ce4f83b7262b5a4d145,
        type: 3}
      propertyPath: m_LocalPosition.x
      value: 8.598926
      objectReference: {fileID: 0}
    - target: {fileID: -8679921383154817045, guid: 87bf63b907f75ce4f83b7262b5a4d145,
        type: 3}
      propertyPath: m_LocalPosition.y
      value: 3.284834
      objectReference: {fileID: 0}
    - target: {fileID: -8679921383154817045, guid: 87bf63b907f75ce4f83b7262b5a4d145,
        type: 3}
      propertyPath: m_LocalPosition.z
      value: -35.57826
      objectReference: {fileID: 0}
    - target: {fileID: -8679921383154817045, guid: 87bf63b907f75ce4f83b7262b5a4d145,
        type: 3}
      propertyPath: m_LocalRotation.w
      value: 1
      objectReference: {fileID: 0}
    - target: {fileID: -8679921383154817045, guid: 87bf63b907f75ce4f83b7262b5a4d145,
        type: 3}
      propertyPath: m_LocalRotation.x
      value: 0.00000008146034
      objectReference: {fileID: 0}
    - target: {fileID: -8679921383154817045, guid: 87bf63b907f75ce4f83b7262b5a4d145,
        type: 3}
      propertyPath: m_LocalRotation.y
      value: 0
      objectReference: {fileID: 0}
    - target: {fileID: -8679921383154817045, guid: 87bf63b907f75ce4f83b7262b5a4d145,
        type: 3}
      propertyPath: m_LocalRotation.z
      value: -0
      objectReference: {fileID: 0}
    - target: {fileID: -8679921383154817045, guid: 87bf63b907f75ce4f83b7262b5a4d145,
        type: 3}
      propertyPath: m_LocalEulerAnglesHint.x
      value: 0
      objectReference: {fileID: 0}
    - target: {fileID: -8679921383154817045, guid: 87bf63b907f75ce4f83b7262b5a4d145,
        type: 3}
      propertyPath: m_LocalEulerAnglesHint.y
      value: 0
      objectReference: {fileID: 0}
    - target: {fileID: -8679921383154817045, guid: 87bf63b907f75ce4f83b7262b5a4d145,
        type: 3}
      propertyPath: m_LocalEulerAnglesHint.z
      value: 0
      objectReference: {fileID: 0}
    - target: {fileID: -7511558181221131132, guid: 87bf63b907f75ce4f83b7262b5a4d145,
        type: 3}
      propertyPath: m_Materials.Array.data[1]
      value: 
      objectReference: {fileID: 2100000, guid: baa1f14904af45e419d2d40325c1ef75, type: 2}
    - target: {fileID: 919132149155446097, guid: 87bf63b907f75ce4f83b7262b5a4d145,
        type: 3}
      propertyPath: m_Name
      value: EDF12
      objectReference: {fileID: 0}
    m_RemovedComponents: []
  m_SourcePrefab: {fileID: 100100000, guid: 87bf63b907f75ce4f83b7262b5a4d145, type: 3}
--- !u!1001 &1248861446
PrefabInstance:
  m_ObjectHideFlags: 0
  serializedVersion: 2
  m_Modification:
    m_TransformParent: {fileID: 0}
    m_Modifications:
    - target: {fileID: -8679921383154817045, guid: ef3743304c429cf43804b2986657abf7,
        type: 3}
      propertyPath: m_RootOrder
      value: 8
      objectReference: {fileID: 0}
    - target: {fileID: -8679921383154817045, guid: ef3743304c429cf43804b2986657abf7,
        type: 3}
      propertyPath: m_LocalPosition.x
      value: 33.57788
      objectReference: {fileID: 0}
    - target: {fileID: -8679921383154817045, guid: ef3743304c429cf43804b2986657abf7,
        type: 3}
      propertyPath: m_LocalPosition.y
      value: 7.774744
      objectReference: {fileID: 0}
    - target: {fileID: -8679921383154817045, guid: ef3743304c429cf43804b2986657abf7,
        type: 3}
      propertyPath: m_LocalPosition.z
      value: -37.83039
      objectReference: {fileID: 0}
    - target: {fileID: -8679921383154817045, guid: ef3743304c429cf43804b2986657abf7,
        type: 3}
      propertyPath: m_LocalRotation.w
      value: 0.00000043312576
      objectReference: {fileID: 0}
    - target: {fileID: -8679921383154817045, guid: ef3743304c429cf43804b2986657abf7,
        type: 3}
      propertyPath: m_LocalRotation.x
      value: 3.7120162e-14
      objectReference: {fileID: 0}
    - target: {fileID: -8679921383154817045, guid: ef3743304c429cf43804b2986657abf7,
        type: 3}
      propertyPath: m_LocalRotation.y
      value: 1
      objectReference: {fileID: 0}
    - target: {fileID: -8679921383154817045, guid: ef3743304c429cf43804b2986657abf7,
        type: 3}
      propertyPath: m_LocalRotation.z
      value: -0.00000008146034
      objectReference: {fileID: 0}
    - target: {fileID: -8679921383154817045, guid: ef3743304c429cf43804b2986657abf7,
        type: 3}
      propertyPath: m_LocalEulerAnglesHint.x
      value: 0
      objectReference: {fileID: 0}
    - target: {fileID: -8679921383154817045, guid: ef3743304c429cf43804b2986657abf7,
        type: 3}
      propertyPath: m_LocalEulerAnglesHint.y
      value: 0
      objectReference: {fileID: 0}
    - target: {fileID: -8679921383154817045, guid: ef3743304c429cf43804b2986657abf7,
        type: 3}
      propertyPath: m_LocalEulerAnglesHint.z
      value: 0
      objectReference: {fileID: 0}
    - target: {fileID: 919132149155446097, guid: ef3743304c429cf43804b2986657abf7,
        type: 3}
      propertyPath: m_Name
      value: EDF8
      objectReference: {fileID: 0}
    m_RemovedComponents: []
  m_SourcePrefab: {fileID: 100100000, guid: ef3743304c429cf43804b2986657abf7, type: 3}
--- !u!1001 &1413787736
PrefabInstance:
  m_ObjectHideFlags: 0
  serializedVersion: 2
  m_Modification:
    m_TransformParent: {fileID: 0}
    m_Modifications:
    - target: {fileID: 100000, guid: 4a47e5971bbaf5346b99987bf9d7668b, type: 3}
      propertyPath: m_Name
      value: Sedan2 (2)
      objectReference: {fileID: 0}
    - target: {fileID: 400000, guid: 4a47e5971bbaf5346b99987bf9d7668b, type: 3}
      propertyPath: m_RootOrder
      value: 19
      objectReference: {fileID: 0}
    - target: {fileID: 400000, guid: 4a47e5971bbaf5346b99987bf9d7668b, type: 3}
      propertyPath: m_LocalScale.x
      value: 76.25358
      objectReference: {fileID: 0}
    - target: {fileID: 400000, guid: 4a47e5971bbaf5346b99987bf9d7668b, type: 3}
      propertyPath: m_LocalScale.y
      value: 76.25358
      objectReference: {fileID: 0}
    - target: {fileID: 400000, guid: 4a47e5971bbaf5346b99987bf9d7668b, type: 3}
      propertyPath: m_LocalScale.z
      value: 76.25358
      objectReference: {fileID: 0}
    - target: {fileID: 400000, guid: 4a47e5971bbaf5346b99987bf9d7668b, type: 3}
      propertyPath: m_LocalPosition.x
      value: -53.13
      objectReference: {fileID: 0}
    - target: {fileID: 400000, guid: 4a47e5971bbaf5346b99987bf9d7668b, type: 3}
      propertyPath: m_LocalPosition.y
      value: -7.52
      objectReference: {fileID: 0}
    - target: {fileID: 400000, guid: 4a47e5971bbaf5346b99987bf9d7668b, type: 3}
      propertyPath: m_LocalPosition.z
      value: -69.47
      objectReference: {fileID: 0}
    - target: {fileID: 400000, guid: 4a47e5971bbaf5346b99987bf9d7668b, type: 3}
      propertyPath: m_LocalRotation.w
      value: 1
      objectReference: {fileID: 0}
    - target: {fileID: 400000, guid: 4a47e5971bbaf5346b99987bf9d7668b, type: 3}
      propertyPath: m_LocalRotation.x
      value: 0.000000021855694
      objectReference: {fileID: 0}
    - target: {fileID: 400000, guid: 4a47e5971bbaf5346b99987bf9d7668b, type: 3}
      propertyPath: m_LocalRotation.y
      value: -0
      objectReference: {fileID: 0}
    - target: {fileID: 400000, guid: 4a47e5971bbaf5346b99987bf9d7668b, type: 3}
      propertyPath: m_LocalRotation.z
      value: -0
      objectReference: {fileID: 0}
    - target: {fileID: 400000, guid: 4a47e5971bbaf5346b99987bf9d7668b, type: 3}
      propertyPath: m_LocalEulerAnglesHint.x
      value: 0
      objectReference: {fileID: 0}
    - target: {fileID: 400000, guid: 4a47e5971bbaf5346b99987bf9d7668b, type: 3}
      propertyPath: m_LocalEulerAnglesHint.y
      value: 0
      objectReference: {fileID: 0}
    - target: {fileID: 400000, guid: 4a47e5971bbaf5346b99987bf9d7668b, type: 3}
      propertyPath: m_LocalEulerAnglesHint.z
      value: 0
      objectReference: {fileID: 0}
    - target: {fileID: 2300000, guid: 4a47e5971bbaf5346b99987bf9d7668b, type: 3}
      propertyPath: m_Materials.Array.data[0]
      value: 
      objectReference: {fileID: 2100000, guid: 200149ec9f2c264479b03ff336b4c2c4, type: 2}
    m_RemovedComponents: []
  m_SourcePrefab: {fileID: 100100000, guid: 4a47e5971bbaf5346b99987bf9d7668b, type: 3}
--- !u!1001 &1562692165
PrefabInstance:
  m_ObjectHideFlags: 0
  serializedVersion: 2
  m_Modification:
    m_TransformParent: {fileID: 0}
    m_Modifications:
    - target: {fileID: 100000, guid: 4a47e5971bbaf5346b99987bf9d7668b, type: 3}
      propertyPath: m_Name
      value: Sedan2 (1)
      objectReference: {fileID: 0}
    - target: {fileID: 400000, guid: 4a47e5971bbaf5346b99987bf9d7668b, type: 3}
      propertyPath: m_RootOrder
      value: 18
      objectReference: {fileID: 0}
    - target: {fileID: 400000, guid: 4a47e5971bbaf5346b99987bf9d7668b, type: 3}
      propertyPath: m_LocalScale.x
      value: 76.25358
      objectReference: {fileID: 0}
    - target: {fileID: 400000, guid: 4a47e5971bbaf5346b99987bf9d7668b, type: 3}
      propertyPath: m_LocalScale.y
      value: 76.25358
      objectReference: {fileID: 0}
    - target: {fileID: 400000, guid: 4a47e5971bbaf5346b99987bf9d7668b, type: 3}
      propertyPath: m_LocalScale.z
      value: 76.25358
      objectReference: {fileID: 0}
    - target: {fileID: 400000, guid: 4a47e5971bbaf5346b99987bf9d7668b, type: 3}
      propertyPath: m_LocalPosition.x
      value: -43.44
      objectReference: {fileID: 0}
    - target: {fileID: 400000, guid: 4a47e5971bbaf5346b99987bf9d7668b, type: 3}
      propertyPath: m_LocalPosition.y
      value: -7.52
      objectReference: {fileID: 0}
    - target: {fileID: 400000, guid: 4a47e5971bbaf5346b99987bf9d7668b, type: 3}
      propertyPath: m_LocalPosition.z
      value: -69.47
      objectReference: {fileID: 0}
    - target: {fileID: 400000, guid: 4a47e5971bbaf5346b99987bf9d7668b, type: 3}
      propertyPath: m_LocalRotation.w
      value: 1
      objectReference: {fileID: 0}
    - target: {fileID: 400000, guid: 4a47e5971bbaf5346b99987bf9d7668b, type: 3}
      propertyPath: m_LocalRotation.x
      value: 0.000000021855694
      objectReference: {fileID: 0}
    - target: {fileID: 400000, guid: 4a47e5971bbaf5346b99987bf9d7668b, type: 3}
      propertyPath: m_LocalRotation.y
      value: -0
      objectReference: {fileID: 0}
    - target: {fileID: 400000, guid: 4a47e5971bbaf5346b99987bf9d7668b, type: 3}
      propertyPath: m_LocalRotation.z
      value: -0
      objectReference: {fileID: 0}
    - target: {fileID: 400000, guid: 4a47e5971bbaf5346b99987bf9d7668b, type: 3}
      propertyPath: m_LocalEulerAnglesHint.x
      value: 0
      objectReference: {fileID: 0}
    - target: {fileID: 400000, guid: 4a47e5971bbaf5346b99987bf9d7668b, type: 3}
      propertyPath: m_LocalEulerAnglesHint.y
      value: 0
      objectReference: {fileID: 0}
    - target: {fileID: 400000, guid: 4a47e5971bbaf5346b99987bf9d7668b, type: 3}
      propertyPath: m_LocalEulerAnglesHint.z
      value: 0
      objectReference: {fileID: 0}
    - target: {fileID: 2300000, guid: 4a47e5971bbaf5346b99987bf9d7668b, type: 3}
      propertyPath: m_Materials.Array.data[0]
      value: 
      objectReference: {fileID: 2100000, guid: 7cdbe7b43300e0f4984264a202b41336, type: 2}
    m_RemovedComponents: []
  m_SourcePrefab: {fileID: 100100000, guid: 4a47e5971bbaf5346b99987bf9d7668b, type: 3}
--- !u!1001 &1637730462
PrefabInstance:
  m_ObjectHideFlags: 0
  serializedVersion: 2
  m_Modification:
    m_TransformParent: {fileID: 0}
    m_Modifications:
    - target: {fileID: -8679921383154817045, guid: e2708513d1cd9bb49becb1600d69459f,
        type: 3}
      propertyPath: m_RootOrder
      value: 5
      objectReference: {fileID: 0}
    - target: {fileID: -8679921383154817045, guid: e2708513d1cd9bb49becb1600d69459f,
        type: 3}
      propertyPath: m_LocalPosition.x
      value: 13.02
      objectReference: {fileID: 0}
    - target: {fileID: -8679921383154817045, guid: e2708513d1cd9bb49becb1600d69459f,
        type: 3}
      propertyPath: m_LocalPosition.y
      value: 6.0423427
      objectReference: {fileID: 0}
    - target: {fileID: -8679921383154817045, guid: e2708513d1cd9bb49becb1600d69459f,
        type: 3}
      propertyPath: m_LocalPosition.z
      value: -37.069584
      objectReference: {fileID: 0}
    - target: {fileID: -8679921383154817045, guid: e2708513d1cd9bb49becb1600d69459f,
        type: 3}
      propertyPath: m_LocalRotation.w
      value: 0.00000043312576
      objectReference: {fileID: 0}
    - target: {fileID: -8679921383154817045, guid: e2708513d1cd9bb49becb1600d69459f,
        type: 3}
      propertyPath: m_LocalRotation.x
      value: 3.5221338e-14
      objectReference: {fileID: 0}
    - target: {fileID: -8679921383154817045, guid: e2708513d1cd9bb49becb1600d69459f,
        type: 3}
      propertyPath: m_LocalRotation.y
      value: 1
      objectReference: {fileID: 0}
    - target: {fileID: -8679921383154817045, guid: e2708513d1cd9bb49becb1600d69459f,
        type: 3}
      propertyPath: m_LocalRotation.z
      value: -0.000000081460335
      objectReference: {fileID: 0}
    - target: {fileID: -8679921383154817045, guid: e2708513d1cd9bb49becb1600d69459f,
        type: 3}
      propertyPath: m_LocalEulerAnglesHint.x
      value: 0
      objectReference: {fileID: 0}
    - target: {fileID: -8679921383154817045, guid: e2708513d1cd9bb49becb1600d69459f,
        type: 3}
      propertyPath: m_LocalEulerAnglesHint.y
      value: 0
      objectReference: {fileID: 0}
    - target: {fileID: -8679921383154817045, guid: e2708513d1cd9bb49becb1600d69459f,
        type: 3}
      propertyPath: m_LocalEulerAnglesHint.z
      value: 0
      objectReference: {fileID: 0}
    - target: {fileID: 919132149155446097, guid: e2708513d1cd9bb49becb1600d69459f,
        type: 3}
      propertyPath: m_Name
      value: EDF11
      objectReference: {fileID: 0}
    m_RemovedComponents: []
  m_SourcePrefab: {fileID: 100100000, guid: e2708513d1cd9bb49becb1600d69459f, type: 3}
--- !u!1001 &1668893755
PrefabInstance:
  m_ObjectHideFlags: 0
  serializedVersion: 2
  m_Modification:
    m_TransformParent: {fileID: 0}
    m_Modifications:
    - target: {fileID: 100000, guid: 5d9b1aee6f796b74a8014c9222614ca2, type: 3}
      propertyPath: m_Name
      value: bus
      objectReference: {fileID: 0}
    - target: {fileID: 400000, guid: 5d9b1aee6f796b74a8014c9222614ca2, type: 3}
      propertyPath: m_RootOrder
      value: 3
      objectReference: {fileID: 0}
    - target: {fileID: 400000, guid: 5d9b1aee6f796b74a8014c9222614ca2, type: 3}
      propertyPath: m_LocalScale.x
      value: 76.25358
      objectReference: {fileID: 0}
    - target: {fileID: 400000, guid: 5d9b1aee6f796b74a8014c9222614ca2, type: 3}
      propertyPath: m_LocalScale.y
      value: 76.25358
      objectReference: {fileID: 0}
    - target: {fileID: 400000, guid: 5d9b1aee6f796b74a8014c9222614ca2, type: 3}
      propertyPath: m_LocalScale.z
      value: 76.25358
      objectReference: {fileID: 0}
    - target: {fileID: 400000, guid: 5d9b1aee6f796b74a8014c9222614ca2, type: 3}
      propertyPath: m_LocalPosition.x
      value: 22.386831
      objectReference: {fileID: 0}
    - target: {fileID: 400000, guid: 5d9b1aee6f796b74a8014c9222614ca2, type: 3}
      propertyPath: m_LocalPosition.y
      value: -3.8231
      objectReference: {fileID: 0}
    - target: {fileID: 400000, guid: 5d9b1aee6f796b74a8014c9222614ca2, type: 3}
      propertyPath: m_LocalPosition.z
      value: -73.94
      objectReference: {fileID: 0}
    - target: {fileID: 400000, guid: 5d9b1aee6f796b74a8014c9222614ca2, type: 3}
      propertyPath: m_LocalRotation.w
      value: 1
      objectReference: {fileID: 0}
    - target: {fileID: 400000, guid: 5d9b1aee6f796b74a8014c9222614ca2, type: 3}
      propertyPath: m_LocalRotation.x
      value: 0.000000021855694
      objectReference: {fileID: 0}
    - target: {fileID: 400000, guid: 5d9b1aee6f796b74a8014c9222614ca2, type: 3}
      propertyPath: m_LocalRotation.y
      value: -0
      objectReference: {fileID: 0}
    - target: {fileID: 400000, guid: 5d9b1aee6f796b74a8014c9222614ca2, type: 3}
      propertyPath: m_LocalRotation.z
      value: -0
      objectReference: {fileID: 0}
    - target: {fileID: 400000, guid: 5d9b1aee6f796b74a8014c9222614ca2, type: 3}
      propertyPath: m_LocalEulerAnglesHint.x
      value: 0
      objectReference: {fileID: 0}
    - target: {fileID: 400000, guid: 5d9b1aee6f796b74a8014c9222614ca2, type: 3}
      propertyPath: m_LocalEulerAnglesHint.y
      value: 0
      objectReference: {fileID: 0}
    - target: {fileID: 400000, guid: 5d9b1aee6f796b74a8014c9222614ca2, type: 3}
      propertyPath: m_LocalEulerAnglesHint.z
      value: 0
      objectReference: {fileID: 0}
    - target: {fileID: 2300000, guid: 5d9b1aee6f796b74a8014c9222614ca2, type: 3}
      propertyPath: m_Materials.Array.data[0]
      value: 
      objectReference: {fileID: 2100000, guid: 731251eff47c8f34f811460233871c1b, type: 2}
    m_RemovedComponents: []
  m_SourcePrefab: {fileID: 100100000, guid: 5d9b1aee6f796b74a8014c9222614ca2, type: 3}
--- !u!1001 &1695407361
PrefabInstance:
  m_ObjectHideFlags: 0
  serializedVersion: 2
  m_Modification:
    m_TransformParent: {fileID: 0}
    m_Modifications:
    - target: {fileID: -8679921383154817045, guid: 186894a1cfa92d549ac44c24151c2894,
        type: 3}
      propertyPath: m_RootOrder
      value: 14
      objectReference: {fileID: 0}
    - target: {fileID: -8679921383154817045, guid: 186894a1cfa92d549ac44c24151c2894,
        type: 3}
      propertyPath: m_LocalPosition.x
      value: 60.336636
      objectReference: {fileID: 0}
    - target: {fileID: -8679921383154817045, guid: 186894a1cfa92d549ac44c24151c2894,
        type: 3}
      propertyPath: m_LocalPosition.y
      value: 16.489414
      objectReference: {fileID: 0}
    - target: {fileID: -8679921383154817045, guid: 186894a1cfa92d549ac44c24151c2894,
        type: 3}
      propertyPath: m_LocalPosition.z
      value: -56.183064
      objectReference: {fileID: 0}
    - target: {fileID: -8679921383154817045, guid: 186894a1cfa92d549ac44c24151c2894,
        type: 3}
      propertyPath: m_LocalRotation.w
      value: 0.5
      objectReference: {fileID: 0}
    - target: {fileID: -8679921383154817045, guid: 186894a1cfa92d549ac44c24151c2894,
        type: 3}
      propertyPath: m_LocalRotation.x
      value: -0.5
      objectReference: {fileID: 0}
    - target: {fileID: -8679921383154817045, guid: 186894a1cfa92d549ac44c24151c2894,
        type: 3}
      propertyPath: m_LocalRotation.y
      value: -0.49999997
      objectReference: {fileID: 0}
    - target: {fileID: -8679921383154817045, guid: 186894a1cfa92d549ac44c24151c2894,
        type: 3}
      propertyPath: m_LocalRotation.z
      value: -0.5
      objectReference: {fileID: 0}
    - target: {fileID: -8679921383154817045, guid: 186894a1cfa92d549ac44c24151c2894,
        type: 3}
      propertyPath: m_LocalEulerAnglesHint.x
      value: 0
      objectReference: {fileID: 0}
    - target: {fileID: -8679921383154817045, guid: 186894a1cfa92d549ac44c24151c2894,
        type: 3}
      propertyPath: m_LocalEulerAnglesHint.y
      value: 0
      objectReference: {fileID: 0}
    - target: {fileID: -8679921383154817045, guid: 186894a1cfa92d549ac44c24151c2894,
        type: 3}
      propertyPath: m_LocalEulerAnglesHint.z
      value: 0
      objectReference: {fileID: 0}
    - target: {fileID: 919132149155446097, guid: 186894a1cfa92d549ac44c24151c2894,
        type: 3}
      propertyPath: m_Name
      value: EDF2
      objectReference: {fileID: 0}
    m_RemovedComponents: []
  m_SourcePrefab: {fileID: 100100000, guid: 186894a1cfa92d549ac44c24151c2894, type: 3}
--- !u!1001 &1720112776
PrefabInstance:
  m_ObjectHideFlags: 0
  serializedVersion: 2
  m_Modification:
    m_TransformParent: {fileID: 0}
    m_Modifications:
    - target: {fileID: -8679921383154817045, guid: 6f188444a227ee948b115c240115e386,
        type: 3}
      propertyPath: m_RootOrder
      value: 11
      objectReference: {fileID: 0}
    - target: {fileID: -8679921383154817045, guid: 6f188444a227ee948b115c240115e386,
        type: 3}
      propertyPath: m_LocalPosition.x
      value: 44.3
      objectReference: {fileID: 0}
    - target: {fileID: -8679921383154817045, guid: 6f188444a227ee948b115c240115e386,
        type: 3}
      propertyPath: m_LocalPosition.y
      value: 13.84
      objectReference: {fileID: 0}
    - target: {fileID: -8679921383154817045, guid: 6f188444a227ee948b115c240115e386,
        type: 3}
      propertyPath: m_LocalPosition.z
      value: -27.76
      objectReference: {fileID: 0}
    - target: {fileID: -8679921383154817045, guid: 6f188444a227ee948b115c240115e386,
        type: 3}
      propertyPath: m_LocalRotation.w
      value: 0.7071068
      objectReference: {fileID: 0}
    - target: {fileID: -8679921383154817045, guid: 6f188444a227ee948b115c240115e386,
        type: 3}
      propertyPath: m_LocalRotation.x
      value: 0.000000057601156
      objectReference: {fileID: 0}
    - target: {fileID: -8679921383154817045, guid: 6f188444a227ee948b115c240115e386,
        type: 3}
      propertyPath: m_LocalRotation.y
      value: -0.7071067
      objectReference: {fileID: 0}
    - target: {fileID: -8679921383154817045, guid: 6f188444a227ee948b115c240115e386,
        type: 3}
      propertyPath: m_LocalRotation.z
      value: 0.000000057601145
      objectReference: {fileID: 0}
    - target: {fileID: -8679921383154817045, guid: 6f188444a227ee948b115c240115e386,
        type: 3}
      propertyPath: m_LocalEulerAnglesHint.x
      value: 0
      objectReference: {fileID: 0}
    - target: {fileID: -8679921383154817045, guid: 6f188444a227ee948b115c240115e386,
        type: 3}
      propertyPath: m_LocalEulerAnglesHint.y
      value: 0
      objectReference: {fileID: 0}
    - target: {fileID: -8679921383154817045, guid: 6f188444a227ee948b115c240115e386,
        type: 3}
      propertyPath: m_LocalEulerAnglesHint.z
      value: 0
      objectReference: {fileID: 0}
    - target: {fileID: -7511558181221131132, guid: 6f188444a227ee948b115c240115e386,
        type: 3}
      propertyPath: m_Materials.Array.data[0]
      value: 
      objectReference: {fileID: 2100000, guid: 357eb1df01a8b3b4aa5a99766fea71f2, type: 2}
    - target: {fileID: -7511558181221131132, guid: 6f188444a227ee948b115c240115e386,
        type: 3}
      propertyPath: m_Materials.Array.data[1]
      value: 
      objectReference: {fileID: 2100000, guid: 357eb1df01a8b3b4aa5a99766fea71f2, type: 2}
    - target: {fileID: -7511558181221131132, guid: 6f188444a227ee948b115c240115e386,
        type: 3}
      propertyPath: m_Materials.Array.data[3]
      value: 
      objectReference: {fileID: 2100000, guid: c1d96c3556d3c274b99eeb97c97572e1, type: 2}
    - target: {fileID: 919132149155446097, guid: 6f188444a227ee948b115c240115e386,
        type: 3}
      propertyPath: m_Name
      value: ff
      objectReference: {fileID: 0}
    m_RemovedComponents: []
  m_SourcePrefab: {fileID: 100100000, guid: 6f188444a227ee948b115c240115e386, type: 3}
--- !u!1001 &1734303037
PrefabInstance:
  m_ObjectHideFlags: 0
  serializedVersion: 2
  m_Modification:
    m_TransformParent: {fileID: 0}
    m_Modifications:
    - target: {fileID: 100000, guid: 5d9b1aee6f796b74a8014c9222614ca2, type: 3}
      propertyPath: m_Name
      value: bus (1)
      objectReference: {fileID: 0}
    - target: {fileID: 400000, guid: 5d9b1aee6f796b74a8014c9222614ca2, type: 3}
      propertyPath: m_RootOrder
      value: 17
      objectReference: {fileID: 0}
    - target: {fileID: 400000, guid: 5d9b1aee6f796b74a8014c9222614ca2, type: 3}
      propertyPath: m_LocalScale.x
      value: 76.25358
      objectReference: {fileID: 0}
    - target: {fileID: 400000, guid: 5d9b1aee6f796b74a8014c9222614ca2, type: 3}
      propertyPath: m_LocalScale.y
      value: 76.25358
      objectReference: {fileID: 0}
    - target: {fileID: 400000, guid: 5d9b1aee6f796b74a8014c9222614ca2, type: 3}
      propertyPath: m_LocalScale.z
      value: 76.25358
      objectReference: {fileID: 0}
    - target: {fileID: 400000, guid: 5d9b1aee6f796b74a8014c9222614ca2, type: 3}
      propertyPath: m_LocalPosition.x
      value: 1.64
      objectReference: {fileID: 0}
    - target: {fileID: 400000, guid: 5d9b1aee6f796b74a8014c9222614ca2, type: 3}
      propertyPath: m_LocalPosition.y
      value: -3.8231
      objectReference: {fileID: 0}
    - target: {fileID: 400000, guid: 5d9b1aee6f796b74a8014c9222614ca2, type: 3}
      propertyPath: m_LocalPosition.z
      value: -73.94
      objectReference: {fileID: 0}
    - target: {fileID: 400000, guid: 5d9b1aee6f796b74a8014c9222614ca2, type: 3}
      propertyPath: m_LocalRotation.w
      value: 1
      objectReference: {fileID: 0}
    - target: {fileID: 400000, guid: 5d9b1aee6f796b74a8014c9222614ca2, type: 3}
      propertyPath: m_LocalRotation.x
      value: 0.000000021855694
      objectReference: {fileID: 0}
    - target: {fileID: 400000, guid: 5d9b1aee6f796b74a8014c9222614ca2, type: 3}
      propertyPath: m_LocalRotation.y
      value: -0
      objectReference: {fileID: 0}
    - target: {fileID: 400000, guid: 5d9b1aee6f796b74a8014c9222614ca2, type: 3}
      propertyPath: m_LocalRotation.z
      value: -0
      objectReference: {fileID: 0}
    - target: {fileID: 400000, guid: 5d9b1aee6f796b74a8014c9222614ca2, type: 3}
      propertyPath: m_LocalEulerAnglesHint.x
      value: 0
      objectReference: {fileID: 0}
    - target: {fileID: 400000, guid: 5d9b1aee6f796b74a8014c9222614ca2, type: 3}
      propertyPath: m_LocalEulerAnglesHint.y
      value: 0
      objectReference: {fileID: 0}
    - target: {fileID: 400000, guid: 5d9b1aee6f796b74a8014c9222614ca2, type: 3}
      propertyPath: m_LocalEulerAnglesHint.z
      value: 0
      objectReference: {fileID: 0}
    - target: {fileID: 2300000, guid: 5d9b1aee6f796b74a8014c9222614ca2, type: 3}
      propertyPath: m_Materials.Array.data[0]
      value: 
      objectReference: {fileID: 2100000, guid: ff5ecc4d8bff04c4f850610f691e491a, type: 2}
    m_RemovedComponents: []
  m_SourcePrefab: {fileID: 100100000, guid: 5d9b1aee6f796b74a8014c9222614ca2, type: 3}
--- !u!1 &1767213062
GameObject:
  m_ObjectHideFlags: 0
  m_CorrespondingSourceObject: {fileID: 0}
  m_PrefabInstance: {fileID: 0}
  m_PrefabAsset: {fileID: 0}
  serializedVersion: 6
  m_Component:
  - component: {fileID: 1767213064}
  - component: {fileID: 1767213063}
  m_Layer: 0
  m_Name: Directional Light
  m_TagString: Untagged
  m_Icon: {fileID: 0}
  m_NavMeshLayer: 0
  m_StaticEditorFlags: 0
  m_IsActive: 1
--- !u!108 &1767213063
Light:
  m_ObjectHideFlags: 0
  m_CorrespondingSourceObject: {fileID: 0}
  m_PrefabInstance: {fileID: 0}
  m_PrefabAsset: {fileID: 0}
  m_GameObject: {fileID: 1767213062}
  m_Enabled: 1
  serializedVersion: 10
  m_Type: 1
  m_Shape: 0
  m_Color: {r: 1, g: 0.95686275, b: 0.8392157, a: 1}
  m_Intensity: 1
  m_Range: 10
  m_SpotAngle: 30
  m_InnerSpotAngle: 21.80208
  m_CookieSize: 10
  m_Shadows:
    m_Type: 2
    m_Resolution: -1
    m_CustomResolution: -1
    m_Strength: 1
    m_Bias: 0.05
    m_NormalBias: 0.4
    m_NearPlane: 0.2
    m_CullingMatrixOverride:
      e00: 1
      e01: 0
      e02: 0
      e03: 0
      e10: 0
      e11: 1
      e12: 0
      e13: 0
      e20: 0
      e21: 0
      e22: 1
      e23: 0
      e30: 0
      e31: 0
      e32: 0
      e33: 1
    m_UseCullingMatrixOverride: 0
  m_Cookie: {fileID: 0}
  m_DrawHalo: 0
  m_Flare: {fileID: 0}
  m_RenderMode: 0
  m_CullingMask:
    serializedVersion: 2
    m_Bits: 4294967295
  m_RenderingLayerMask: 1
  m_Lightmapping: 4
  m_LightShadowCasterMode: 0
  m_AreaSize: {x: 1, y: 1}
  m_BounceIntensity: 1
  m_ColorTemperature: 6570
  m_UseColorTemperature: 0
  m_BoundingSphereOverride: {x: 0, y: 0, z: 0, w: 0}
  m_UseBoundingSphereOverride: 0
  m_UseViewFrustumForShadowCasterCull: 1
  m_ShadowRadius: 0
  m_ShadowAngle: 0
--- !u!4 &1767213064
Transform:
  m_ObjectHideFlags: 0
  m_CorrespondingSourceObject: {fileID: 0}
  m_PrefabInstance: {fileID: 0}
  m_PrefabAsset: {fileID: 0}
  m_GameObject: {fileID: 1767213062}
  m_LocalRotation: {x: 0.40821788, y: -0.23456968, z: 0.10938163, w: 0.8754261}
  m_LocalPosition: {x: 0, y: 3, z: 0}
  m_LocalScale: {x: 1, y: 1, z: 1}
  m_Children: []
  m_Father: {fileID: 0}
  m_RootOrder: 16
  m_LocalEulerAnglesHint: {x: 50, y: -30, z: 0}
--- !u!1001 &1788634079
PrefabInstance:
  m_ObjectHideFlags: 0
  serializedVersion: 2
  m_Modification:
    m_TransformParent: {fileID: 0}
    m_Modifications:
    - target: {fileID: -8679921383154817045, guid: 30397a035c2292145b4dc31c3853bde1,
        type: 3}
      propertyPath: m_RootOrder
      value: 15
      objectReference: {fileID: 0}
    - target: {fileID: -8679921383154817045, guid: 30397a035c2292145b4dc31c3853bde1,
        type: 3}
      propertyPath: m_LocalPosition.x
      value: 56.481388
      objectReference: {fileID: 0}
    - target: {fileID: -8679921383154817045, guid: 30397a035c2292145b4dc31c3853bde1,
        type: 3}
      propertyPath: m_LocalPosition.y
      value: 16.192265
      objectReference: {fileID: 0}
    - target: {fileID: -8679921383154817045, guid: 30397a035c2292145b4dc31c3853bde1,
        type: 3}
      propertyPath: m_LocalPosition.z
      value: -50.633755
      objectReference: {fileID: 0}
    - target: {fileID: -8679921383154817045, guid: 30397a035c2292145b4dc31c3853bde1,
        type: 3}
      propertyPath: m_LocalRotation.w
      value: 0.5
      objectReference: {fileID: 0}
    - target: {fileID: -8679921383154817045, guid: 30397a035c2292145b4dc31c3853bde1,
        type: 3}
      propertyPath: m_LocalRotation.x
      value: -0.5
      objectReference: {fileID: 0}
    - target: {fileID: -8679921383154817045, guid: 30397a035c2292145b4dc31c3853bde1,
        type: 3}
      propertyPath: m_LocalRotation.y
      value: -0.49999997
      objectReference: {fileID: 0}
    - target: {fileID: -8679921383154817045, guid: 30397a035c2292145b4dc31c3853bde1,
        type: 3}
      propertyPath: m_LocalRotation.z
      value: -0.5
      objectReference: {fileID: 0}
    - target: {fileID: -8679921383154817045, guid: 30397a035c2292145b4dc31c3853bde1,
        type: 3}
      propertyPath: m_LocalEulerAnglesHint.x
      value: 0
      objectReference: {fileID: 0}
    - target: {fileID: -8679921383154817045, guid: 30397a035c2292145b4dc31c3853bde1,
        type: 3}
      propertyPath: m_LocalEulerAnglesHint.y
      value: 0
      objectReference: {fileID: 0}
    - target: {fileID: -8679921383154817045, guid: 30397a035c2292145b4dc31c3853bde1,
        type: 3}
      propertyPath: m_LocalEulerAnglesHint.z
      value: 0
      objectReference: {fileID: 0}
    - target: {fileID: -7511558181221131132, guid: 30397a035c2292145b4dc31c3853bde1,
        type: 3}
      propertyPath: m_Materials.Array.data[0]
      value: 
      objectReference: {fileID: 2100000, guid: 8adc8c8af3fc3bb4da53426bcdc3399c, type: 2}
    - target: {fileID: 919132149155446097, guid: 30397a035c2292145b4dc31c3853bde1,
        type: 3}
      propertyPath: m_Name
      value: EDF1
      objectReference: {fileID: 0}
    m_RemovedComponents: []
  m_SourcePrefab: {fileID: 100100000, guid: 30397a035c2292145b4dc31c3853bde1, type: 3}
--- !u!1 &1810118064
GameObject:
  m_ObjectHideFlags: 0
  m_CorrespondingSourceObject: {fileID: 0}
  m_PrefabInstance: {fileID: 0}
  m_PrefabAsset: {fileID: 0}
  serializedVersion: 6
  m_Component:
  - component: {fileID: 1810118067}
  - component: {fileID: 1810118066}
  - component: {fileID: 1810118065}
  m_Layer: 0
  m_Name: Main Camera
  m_TagString: MainCamera
  m_Icon: {fileID: 0}
  m_NavMeshLayer: 0
  m_StaticEditorFlags: 0
  m_IsActive: 1
--- !u!81 &1810118065
AudioListener:
  m_ObjectHideFlags: 0
  m_CorrespondingSourceObject: {fileID: 0}
  m_PrefabInstance: {fileID: 0}
  m_PrefabAsset: {fileID: 0}
  m_GameObject: {fileID: 1810118064}
  m_Enabled: 1
--- !u!20 &1810118066
Camera:
  m_ObjectHideFlags: 0
  m_CorrespondingSourceObject: {fileID: 0}
  m_PrefabInstance: {fileID: 0}
  m_PrefabAsset: {fileID: 0}
  m_GameObject: {fileID: 1810118064}
  m_Enabled: 1
  serializedVersion: 2
  m_ClearFlags: 1
  m_BackGroundColor: {r: 0.19215687, g: 0.3019608, b: 0.4745098, a: 0}
  m_projectionMatrixMode: 1
  m_GateFitMode: 2
  m_FOVAxisMode: 0
  m_SensorSize: {x: 36, y: 24}
  m_LensShift: {x: 0, y: 0}
  m_FocalLength: 50
  m_NormalizedViewPortRect:
    serializedVersion: 2
    x: 0
    y: 0
    width: 1
    height: 1
  near clip plane: 0.3
  far clip plane: 1000
  field of view: 60
  orthographic: 0
  orthographic size: 5
  m_Depth: -1
  m_CullingMask:
    serializedVersion: 2
    m_Bits: 4294967295
  m_RenderingPath: -1
  m_TargetTexture: {fileID: 0}
  m_TargetDisplay: 0
  m_TargetEye: 3
  m_HDR: 1
  m_AllowMSAA: 1
  m_AllowDynamicResolution: 0
  m_ForceIntoRT: 0
  m_OcclusionCulling: 1
  m_StereoConvergence: 10
  m_StereoSeparation: 0.022
--- !u!4 &1810118067
Transform:
  m_ObjectHideFlags: 0
  m_CorrespondingSourceObject: {fileID: 0}
  m_PrefabInstance: {fileID: 0}
  m_PrefabAsset: {fileID: 0}
  m_GameObject: {fileID: 1810118064}
  m_LocalRotation: {x: 0, y: 0, z: 0, w: 1}
  m_LocalPosition: {x: 0, y: 1, z: -10}
  m_LocalScale: {x: 1, y: 1, z: 1}
  m_Children: []
  m_Father: {fileID: 0}
  m_RootOrder: 0
  m_LocalEulerAnglesHint: {x: 0, y: 0, z: 0}
